@article{meme,
author = {Timothy L Bailey and Charles Elkan},
title = {Fitting a mixture model by expectation maximization to discover motifs in biopolymers},
journal = {Proceedings of the Second International Conference on Intelligent Systems for Molecular Biology},
year = {1994},
pages = {28--36}
}

@article{scikit-learn,
 title={Scikit-learn: Machine Learning in {P}ython},
 author={Pedregosa, F. and Varoquaux, G. and Gramfort, A. and Michel, V.
         and Thirion, B. and Grisel, O. and Blondel, M. and Prettenhofer, P.
         and Weiss, R. and Dubourg, V. and Vanderplas, J. and Passos, A. and
         Cournapeau, D. and Brucher, M. and Perrot, M. and Duchesnay, E.},
 journal={Journal of Machine Learning Research},
 volume={12},
 pages={2825--2830},
 year={2011}
}

@article{rf,
 title={Random {F}orests},
 author={Leo Breiman},
 journal={Machine Learning},
 volume={45},
 number={1},
 pages={5--32},
 year={2001}
}

@article{biomart,
 title={Ensembl {B}io{M}arts: a hub for data retrieval across taxonomic space},
 author={R J Kinsella and others},
 journal={Database (Oxford)},
 volume={2011},
 pages={2825--2830},
 year={2011}
}

@article{gramene,
 title={Gramene 2013: comparative plant genomics resources},
 author={MK Monaco and others},
 journal={Nucleic Acids Res.},
 volume={42},
 number={D1},
 pages={D1193--D1199},
 year={2014}
}

@article{maize,
 title={Automated update, revision, and quality control of the maize genome annotations using {MAKER-P} improves the {B73} {R}ef{G}en\_v3 gene models and identifies new genes},
 author={M Law and others},
 journal={Plant Physiol.},
 volume={167},
 number={1},
 pages={25--39},
 year={2015}
}

@article{ji07,
 title={Predictive modeling of plant messenger {RNA} polyadenylation sites},
 author={Guoli Ji and others},
 journal={BMC Bioinformatics},
 volume={8},
 year={2007}
}

@article{rothnie96,
 title={Predictive modeling of plant messenger {RNA} polyadenylation sites},
 author={HM Rothnie},
 journal={Plant Mol Biol.},
 volume={32},
 pages={1--2},
 year={1996}
}

@article{li97,
 title={The Polyadenylation of {RNA} in Plants},
 author={Qingshun Li and Arthur G Hunt},
 journal={Plant Physiol.},
 volume={115},
 pages={321--325},
 year={1997}
}

@article{shen08,
 title={Genome level analysis of rice m{RNA} 3'-end processing signals and alternative polyadenylation},
 author={Yingjia Shen and others},
 journal={Nucleic Acids Res.},
 volume={36},
 number={9},
 pages={3150-3161},
 year={2008}
}

@article{go,
 title={Gene {O}ntology {C}onsortium: going forward.},
 author={{The {G}ene {O}ntology {C}onsortium}},
 journal={Nucleic Acids Res.},
 volume={43},
 pages={D1049â€“D1056},
 year={2015}
}

@article{loke05,
 title={Compilation of m{RNA} Polyadenylation Signals in {A}rabidopsis Revealed a New Signal Element and Potential Secondary Structures},
 author={Johnny C Loke and others},
 journal={Plant Physiol.},
 volume={138},
 number={3},
 pages={1457-1468},
 year={2005}
}
